% GENERAL
@manual{aurix.tc37x,
    organization  = "Infinieon Technologies AG",
    title         = "TC37x 32-Bit Single-Chip Microcontroller",
    number        = "TC37x",
    year          =  2021,
    month         =  3,
    note          = "v 1.1",
    url		  = "https://www.infineon.com/dgdl/Infineon-SAK-TC37x-DataSheet-v01_10-EN.pdf?fileId=5546d46274dd77260174e8c7fcc734cd"
}
@manual{aurix.tc37e,
    organization  = "Infinieon Technologies AG",
    title         = "TC37xEXT 32-Bit Single-Chip Microcontroller",
    number        = "TC37xEXT",
    year          =  2021,
    month         =  2,
    note          = "OPEN MARKET VERSION",
    url		  = "https://www.infineon.com/dgdl/Infineon-AURIX_TC37xEXT-UserManual-v02_00-EN.pdf?fileId=5546d4627506bb32017527203f913b3d"
}
